@book{Astrom:2008:FSI:1816978,
 author = {Astrom, Karl Johan and Murray, Richard M.},
 title = {Feedback Systems: An Introduction for Scientists and Engineers},
 year = {2008},
 isbn = {0691135762, 9780691135762},
 publisher = {Princeton University Press},
 address = {Princeton, NJ, USA},
}

@inproceedings{DBLP:conf/oopsla/GabrielNSS06,
  author    = {Richard P. Gabriel and
               Linda M. Northrop and
               Douglas C. Schmidt and
               Kevin J. Sullivan},
  title     = {Ultra-large-scale systems},
  booktitle = {Companion to the 21th Annual {ACM} {SIGPLAN} Conference on Object-Oriented
               Programming, Systems, Languages, and Applications, {OOPSLA} 2006,
               October 22-26, 2006, Portland, Oregon, {USA}},
  pages     = {632--634},
  year      = {2006},
  crossref  = {DBLP:conf/oopsla/2006c},
  url       = {http://doi.acm.org/10.1145/1176617.1176645},
  doi       = {10.1145/1176617.1176645},
  timestamp = {Mon, 12 Apr 2010 13:40:45 +0200},
  biburl    = {http://dblp.uni-trier.de/rec/bib/conf/oopsla/GabrielNSS06},
  bibsource = {dblp computer science bibliography, http://dblp.org}
}

@proceedings{DBLP:conf/oopsla/2006c,
  editor    = {Peri L. Tarr and
               William R. Cook},
  title     = {Companion to the 21th Annual {ACM} {SIGPLAN} Conference on Object-Oriented
               Programming, Systems, Languages, and Applications, {OOPSLA} 2006,
               October 22-26, 2006, Portland, Oregon, {USA}},
  publisher = {{ACM}},
  year      = {2006},
  isbn      = {1-59593-491-X},
  timestamp = {Wed, 06 Dec 2006 17:42:01 +0100},
  biburl    = {http://dblp.uni-trier.de/rec/bib/conf/oopsla/2006c},
  bibsource = {dblp computer science bibliography, http://dblp.org}
}

@MISC{Murray02controlin,
	author = {R. Murray and Karl J. ˚aström and Stephen P. Boyd and Roger W. Brockett and John A. Burns and Munzer A. Dahleh},
	title = {Control in an Information Rich World},
	year = {2002}
}

@article{Salehie:2009:SSL:1516533.1516538,
	author = {Salehie, Mazeiar and Tahvildari, Ladan},
	title = {Self-adaptive Software: Landscape and Research Challenges},
	journal = {ACM Trans. Auton. Adapt. Syst.},
	issue_date = {May 2009},
	volume = {4},
	number = {2},
	month = may,
	year = {2009},
	issn = {1556-4665},
	pages = {14:1--14:42},
	articleno = {14},
	numpages = {42},
	url = {http://doi.acm.org/10.1145/1516533.1516538},
	doi = {10.1145/1516533.1516538},
	acmid = {1516538},
	publisher = {ACM},
	address = {New York, NY, USA},
	keywords = {Adaptation processes, research challenges, self-adaptive software, self-properties, survey},
}

@inproceedings{Oreizy:1998:ARS:302163.302181,
	author = {Oreizy, Peyman and Medvidovic, Nenad and Taylor, Richard N.},
	title = {Architecture-based Runtime Software Evolution},
	booktitle = {Proceedings of the 20th International Conference on Software Engineering},
	series = {ICSE '98},
	year = {1998},
	isbn = {0-8186-8368-6},
	location = {Kyoto, Japan},
	pages = {177--186},
	numpages = {10},
	url = {http://dl.acm.org/citation.cfm?id=302163.302181},
	acmid = {302181},
	publisher = {IEEE Computer Society},
	address = {Washington, DC, USA},
}

@inproceedings{Oreizy:1998:ARS:302163.302181,
	author = {Oreizy, Peyman and Medvidovic, Nenad and Taylor, Richard N.},
	title = {Architecture-based Runtime Software Evolution},
	booktitle = {Proceedings of the 20th International Conference on Software Engineering},
	series = {ICSE '98},
	year = {1998},
	isbn = {0-8186-8368-6},
	location = {Kyoto, Japan},
	pages = {177--186},
	numpages = {10},
	url = {http://dl.acm.org/citation.cfm?id=302163.302181},
	acmid = {302181},
	publisher = {IEEE Computer Society},
	address = {Washington, DC, USA},
}

@INPROCEEDINGS{Oreizy99anarchitecture-based,
	author = {Peyman Oreizy and Michael M. Gorlick and Richard N. Taylor and Dennis Heimbigner and Gregory Johnson and Nenad Medvidovic and Alex Quilici and David S. Rosenblum and Er L. Wolf},
	title = {An Architecture-Based Approach to SelfAdaptive Software},
	booktitle = {IEEE Intelligent Systems 14(3):54 - 62},
	year = {1999}
}

@article{10.1109/SOFTWARE-EVOLVABILITY.2006.10,
	author = {Robert Laddaga},
	title = {Self Adaptive Software  Problems and Projects},
	journal ={Software Evolvability, IEEE International Workshop on},
	volume = {0},
	isbn = {0-7695-2698-5},
	year = {2006},
	pages = {3-10},
	doi = {http://doi.ieeecomputersociety.org/10.1109/SOFTWARE-EVOLVABILITY.2006.10},
	publisher = {IEEE Computer Society},
	address = {Los Alamitos, CA, USA},
}
